%YAML 1.1
%TAG !u! tag:unity3d.com,2011:
--- !u!1 &177612
GameObject:
  m_ObjectHideFlags: 0
  m_PrefabParentObject: {fileID: 0}
  m_PrefabInternal: {fileID: 100100000}
  serializedVersion: 4
  m_Component:
  - 4: {fileID: 406296}
  - 114: {fileID: 11453076}
  - 114: {fileID: 11429442}
  m_Layer: 8
  m_Name: Game Controller
  m_TagString: Untagged
  m_Icon: {fileID: 0}
  m_NavMeshLayer: 0
  m_StaticEditorFlags: 0
  m_IsActive: 1
--- !u!4 &406296
Transform:
  m_ObjectHideFlags: 1
  m_PrefabParentObject: {fileID: 0}
  m_PrefabInternal: {fileID: 100100000}
  m_GameObject: {fileID: 177612}
  m_LocalRotation: {x: 0, y: 0, z: 0, w: 1}
  m_LocalPosition: {x: 0, y: 0, z: 0}
  m_LocalScale: {x: 1, y: 1, z: 1}
  m_Children: []
  m_Father: {fileID: 0}
  m_RootOrder: 0
--- !u!114 &11429442
MonoBehaviour:
  m_ObjectHideFlags: 1
  m_PrefabParentObject: {fileID: 0}
  m_PrefabInternal: {fileID: 100100000}
  m_GameObject: {fileID: 177612}
  m_Enabled: 1
  m_EditorHideFlags: 0
  m_Script: {fileID: 11500000, guid: 6f0c109452d40bb4cbfbd6dc21f3184a, type: 3}
  m_Name: 
  m_EditorClassIdentifier: 
  isPlayerTurn: 0
  areEnemiesMoving: 0
  playerCurrentHealth: 50
  gameOverSound: {fileID: 8300000, guid: bbdad7cac71eab54fb165d6131d31772, type: 3}
--- !u!114 &11453076
MonoBehaviour:
  m_ObjectHideFlags: 1
  m_PrefabParentObject: {fileID: 0}
  m_PrefabInternal: {fileID: 100100000}
  m_GameObject: {fileID: 177612}
  m_Enabled: 1
  m_EditorHideFlags: 0
  m_Script: {fileID: 11500000, guid: 9014b0ff4dd45bf4dac8490ef98cccf2, type: 3}
  m_Name: 
  m_EditorClassIdentifier: 
  columns: 10
  rows: 10
  floors:
  - {fileID: 122150, guid: 53ae8de8740f8f549bd8f417b57d5215, type: 2}
  - {fileID: 111388, guid: 71cac177ff004f940b3794a70bdee814, type: 2}
  - {fileID: 144382, guid: b054e88960a354b41b1c93b5d68f580d, type: 2}
  - {fileID: 191876, guid: f6f850dbc9d2eea418da0b9631faaf86, type: 2}
  - {fileID: 103466, guid: b3cfae8e2f63a204d83003c3f009b571, type: 2}
  - {fileID: 160050, guid: 1728093cdfd85a24e83a60cff6c7542e, type: 2}
  - {fileID: 154750, guid: 083f3ffce8fdbb748a4c6dd43b4cf40a, type: 2}
  - {fileID: 198720, guid: b538b35846b63cb44a9dff31a24879bc, type: 2}
  outerWalls:
  - {fileID: 100076, guid: 6f73456b63fa8b3419e39902bfb9482d, type: 2}
  - {fileID: 177666, guid: 7b0c2cc2c25fba6449ea1f0ee963913c, type: 2}
  - {fileID: 175748, guid: 8e75b629a6933e24e91875aa77d74654, type: 2}
  wallObstacles:
  - {fileID: 186892, guid: 3c227deb61a736d4a9dd486f011f9f5c, type: 2}
  - {fileID: 131646, guid: d72c99f24fe3a5c488be4f5f158cefb9, type: 2}
  - {fileID: 146102, guid: d8649d299ee9b4d4ba50255dae0ed254, type: 2}
  - {fileID: 167236, guid: 1bdad2a53c3445d46b4a01bc9bc6671a, type: 2}
  - {fileID: 176768, guid: 4ed6e443a6bcfa341bdc31b29b31ae4e, type: 2}
  - {fileID: 112232, guid: 5e0b49ab686e93b42b310b44f7f7dbf4, type: 2}
  - {fileID: 176254, guid: e4f3efbc34049014ebcd4b3d546660d4, type: 2}
  - {fileID: 170320, guid: dd95f2920acfb024a9bd6dc15ef9020e, type: 2}
  foodItems:
  - {fileID: 152940, guid: cf4d382799c57214f9a52654bb79fb57, type: 2}
  - {fileID: 170150, guid: 683c1855ded4aac4ea798825018160c7, type: 2}
  treeItem:
  - {fileID: 147394, guid: e0533c83d8df6624cae88a309544a491, type: 2}
  enemies:
  - {fileID: 107762, guid: 62172ab3215fa6845a6f5bd580ae87f7, type: 2}
  - {fileID: 107548, guid: 93b2d91f7e76801448bb8b5ec8744476, type: 2}
  - {fileID: 157924, guid: 0cdc41a910b67f44aa3817f90c68f454, type: 2}
  exit: {fileID: 117384, guid: b0196e78a6ec734468a29c4603ecc5eb, type: 2}
--- !u!1001 &100100000
Prefab:
  m_ObjectHideFlags: 1
  serializedVersion: 2
  m_Modification:
    m_TransformParent: {fileID: 0}
    m_Modifications:
    - target: {fileID: 0}
      propertyPath: colums
      value: 10
      objectReference: {fileID: 0}
    - target: {fileID: 0}
      propertyPath: rows
      value: 10
      objectReference: {fileID: 0}
    - target: {fileID: 0}
      propertyPath: floor
      value: 
      objectReference: {fileID: 198720, guid: b538b35846b63cb44a9dff31a24879bc, type: 2}
    m_RemovedComponents: []
  m_ParentPrefab: {fileID: 0}
  m_RootGameObject: {fileID: 177612}
  m_IsPrefabParent: 1
